<record><leader>00000cas a22000007a 4500</leader><controlfield tag="001">35839927</controlfield><controlfield tag="008">961104d193u1945tnuwr ne      0    0eng d</controlfield><datafield ind1=" " ind2=" " tag="010"><subfield code="a">sn 96091117 </subfield></datafield><datafield ind1=" " ind2=" " tag="040"><subfield code="a">TGN</subfield><subfield code="b">eng</subfield><subfield code="c">TGN</subfield><subfield code="d">OCLCQ</subfield><subfield code="d">OCLCF</subfield><subfield code="d">OCLCO</subfield></datafield><datafield ind1="1" ind2=" " tag="029"><subfield code="a">AU@</subfield><subfield code="b">000012911238</subfield></datafield><datafield ind1=" " ind2=" " tag="042"><subfield code="a">msc</subfield></datafield><datafield ind1=" " ind2=" " tag="043"><subfield code="a">n-us-tn</subfield></datafield><datafield ind1="0" ind2=" " tag="130"><subfield code="a">Gallatin examiner and the Sumner County Tennessean (Gallatin, Tenn. : 1937)</subfield></datafield><datafield ind1="1" ind2="4" tag="245"><subfield code="a">The Gallatin examiner and the Sumner County Tennessean.</subfield></datafield><datafield ind1="1" ind2="3" tag="246"><subfield code="a">Gallatin examiner</subfield></datafield><datafield ind1=" " ind2=" " tag="260"><subfield code="a">Gallatin, Tenn. :</subfield><subfield code="b">V.P. Turner,</subfield><subfield code="c">-1945.</subfield></datafield><datafield ind1=" " ind2=" " tag="300"><subfield code="a">v.</subfield></datafield><datafield ind1=" " ind2=" " tag="310"><subfield code="a">Weekly</subfield></datafield><datafield ind1="0" ind2=" " tag="362"><subfield code="a">-v. 82, no. 20 (July 6, 1945).</subfield></datafield><datafield ind1=" " ind2=" " tag="500"><subfield code="a">Published as: Gallatin examiner, July 31, 1942.</subfield></datafield><datafield ind1=" " ind2=" " tag="588"><subfield code="a">Description based on: Vol. 84, no. 47 (Nov. 24, 1937).</subfield></datafield><datafield ind1=" " ind2="0" tag="651"><subfield code="a">Gallatin (Tenn.)</subfield><subfield code="v">Newspapers.</subfield></datafield><datafield ind1=" " ind2="0" tag="651"><subfield code="a">Sumner County (Tenn.)</subfield><subfield code="v">Newspapers.</subfield></datafield><datafield ind1=" " ind2="7" tag="655"><subfield code="a">Newspapers.</subfield><subfield code="2">fast</subfield><subfield code="0">(OCoLC)fst01423814</subfield></datafield><datafield ind1=" " ind2="7" tag="651"><subfield code="a">Tennessee</subfield><subfield code="z">Gallatin.</subfield><subfield code="2">fast</subfield><subfield code="0">(OCoLC)fst01202906</subfield></datafield><datafield ind1=" " ind2="7" tag="651"><subfield code="a">Tennessee</subfield><subfield code="z">Sumner County.</subfield><subfield code="2">fast</subfield><subfield code="0">(OCoLC)fst01209637</subfield></datafield><datafield ind1=" " ind2=" " tag="752"><subfield code="a">United States</subfield><subfield code="b">Tennessee</subfield><subfield code="c">Sumner</subfield><subfield code="d">Gallatin.</subfield></datafield><datafield ind1="0" ind2="0" tag="780"><subfield code="t">Examiner-Tennessean</subfield><subfield code="w">(DLC)sn 96091110</subfield></datafield><datafield ind1="0" ind2="0" tag="785"><subfield code="t">Gallatin examiner (Gallatin, Tenn. : 1945)</subfield><subfield code="w">(DLC)sn 96091118</subfield></datafield></record>